<record><leader>00000cas a22000007a 4500</leader><controlfield tag="001">21370930</controlfield><controlfield tag="008">900413d19231959mouwr ne      0    0eng d</controlfield><datafield ind1=" " ind2=" " tag="010"><subfield code="a">sn 90061269 </subfield></datafield><datafield ind1=" " ind2=" " tag="040"><subfield code="a">MQN</subfield><subfield code="b">eng</subfield><subfield code="c">MQN</subfield><subfield code="d">OCLCQ</subfield></datafield><datafield ind1=" " ind2=" " tag="042"><subfield code="a">msc</subfield></datafield><datafield ind1="0" ind2="0" tag="245"><subfield code="a">Kirkwood messenger.</subfield></datafield><datafield ind1=" " ind2=" " tag="260"><subfield code="a">Kirkwood, Mo. :</subfield><subfield code="b">David Lee Jones</subfield></datafield><datafield ind1=" " ind2=" " tag="300"><subfield code="a">v.</subfield></datafield><datafield ind1=" " ind2=" " tag="310"><subfield code="a">Weekly</subfield></datafield><datafield ind1="1" ind2=" " tag="362"><subfield code="a">Began in 1923?</subfield></datafield><datafield ind1="0" ind2=" " tag="362"><subfield code="a">-v. 37, no. 17 (Sept. 17, 1959).</subfield></datafield><datafield ind1=" " ind2=" " tag="588"><subfield code="a">Description based on: Vol. 9, no. 32 (Jan. 7, 1932).</subfield></datafield><datafield ind1=" " ind2="4" tag="651"><subfield code="a">Kirkwood (Mo.)</subfield><subfield code="v">Newspapers.</subfield></datafield><datafield ind1=" " ind2=" " tag="752"><subfield code="a">United States</subfield><subfield code="b">Missouri</subfield><subfield code="c">Saint Louis</subfield><subfield code="d">Kirkwood.</subfield></datafield><datafield ind1="0" ind2="4" tag="785"><subfield code="t">Kirkwood advertiser</subfield><subfield code="w">(DLC)sn 90061268</subfield></datafield></record>